%YAML 1.1
%TAG !u! tag:unity3d.com,2011:
--- !u!29 &1
OcclusionCullingSettings:
  m_ObjectHideFlags: 0
  serializedVersion: 2
  m_OcclusionBakeSettings:
    smallestOccluder: 5
    smallestHole: 0.25
    backfaceThreshold: 100
  m_SceneGUID: 00000000000000000000000000000000
  m_OcclusionCullingData: {fileID: 0}
--- !u!104 &2
RenderSettings:
  m_ObjectHideFlags: 0
  serializedVersion: 9
  m_Fog: 0
  m_FogColor: {r: 0.5, g: 0.5, b: 0.5, a: 1}
  m_FogMode: 3
  m_FogDensity: 0.01
  m_LinearFogStart: 0
  m_LinearFogEnd: 300
  m_AmbientSkyColor: {r: 0.212, g: 0.227, b: 0.259, a: 1}
  m_AmbientEquatorColor: {r: 0.114, g: 0.125, b: 0.133, a: 1}
  m_AmbientGroundColor: {r: 0.047, g: 0.043, b: 0.035, a: 1}
  m_AmbientIntensity: 1
  m_AmbientMode: 0
  m_SubtractiveShadowColor: {r: 0.42, g: 0.478, b: 0.627, a: 1}
  m_SkyboxMaterial: {fileID: 10304, guid: 0000000000000000f000000000000000, type: 0}
  m_HaloStrength: 0.5
  m_FlareStrength: 1
  m_FlareFadeSpeed: 3
  m_HaloTexture: {fileID: 0}
  m_SpotCookie: {fileID: 10001, guid: 0000000000000000e000000000000000, type: 0}
  m_DefaultReflectionMode: 0
  m_DefaultReflectionResolution: 128
  m_ReflectionBounces: 1
  m_ReflectionIntensity: 1
  m_CustomReflection: {fileID: 0}
  m_Sun: {fileID: 0}
  m_IndirectSpecularColor: {r: 0.44658005, g: 0.49641502, b: 0.5748164, a: 1}
  m_UseRadianceAmbientProbe: 0
--- !u!157 &3
LightmapSettings:
  m_ObjectHideFlags: 0
  serializedVersion: 11
  m_GIWorkflowMode: 1
  m_GISettings:
    serializedVersion: 2
    m_BounceScale: 1
    m_IndirectOutputScale: 1
    m_AlbedoBoost: 1
    m_EnvironmentLightingMode: 0
    m_EnableBakedLightmaps: 1
    m_EnableRealtimeLightmaps: 1
  m_LightmapEditorSettings:
    serializedVersion: 10
    m_Resolution: 2
    m_BakeResolution: 40
    m_AtlasSize: 1024
    m_AO: 0
    m_AOMaxDistance: 1
    m_CompAOExponent: 1
    m_CompAOExponentDirect: 0
    m_Padding: 2
    m_LightmapParameters: {fileID: 0}
    m_LightmapsBakeMode: 1
    m_TextureCompression: 1
    m_FinalGather: 0
    m_FinalGatherFiltering: 1
    m_FinalGatherRayCount: 256
    m_ReflectionCompression: 2
    m_MixedBakeMode: 2
    m_BakeBackend: 1
    m_PVRSampling: 1
    m_PVRDirectSampleCount: 32
    m_PVRSampleCount: 500
    m_PVRBounces: 2
    m_PVRFilterTypeDirect: 0
    m_PVRFilterTypeIndirect: 0
    m_PVRFilterTypeAO: 0
    m_PVRFilteringMode: 1
    m_PVRCulling: 1
    m_PVRFilteringGaussRadiusDirect: 1
    m_PVRFilteringGaussRadiusIndirect: 5
    m_PVRFilteringGaussRadiusAO: 2
    m_PVRFilteringAtrousPositionSigmaDirect: 0.5
    m_PVRFilteringAtrousPositionSigmaIndirect: 2
    m_PVRFilteringAtrousPositionSigmaAO: 1
    m_ShowResolutionOverlay: 1
  m_LightingDataAsset: {fileID: 112000000, guid: 77810ab6ea86a9940974d1b8cc7fb540,
    type: 2}
  m_UseShadowmask: 1
--- !u!196 &4
NavMeshSettings:
  serializedVersion: 2
  m_ObjectHideFlags: 0
  m_BuildSettings:
    serializedVersion: 2
    agentTypeID: 0
    agentRadius: 0.5
    agentHeight: 2
    agentSlope: 45
    agentClimb: 0.4
    ledgeDropHeight: 0
    maxJumpAcrossDistance: 0
    minRegionArea: 2
    manualCellSize: 0
    cellSize: 0.16666667
    manualTileSize: 0
    tileSize: 256
    accuratePlacement: 0
    debug:
      m_Flags: 0
  m_NavMeshData: {fileID: 0}
--- !u!1 &46913815
GameObject:
  m_ObjectHideFlags: 0
  m_CorrespondingSourceObject: {fileID: 0}
  m_PrefabInstance: {fileID: 0}
  m_PrefabAsset: {fileID: 0}
  serializedVersion: 6
  m_Component:
  - component: {fileID: 46913819}
  - component: {fileID: 46913818}
  - component: {fileID: 46913817}
  - component: {fileID: 46913816}
  m_Layer: 5
  m_Name: Canvas
  m_TagString: Untagged
  m_Icon: {fileID: 0}
  m_NavMeshLayer: 0
  m_StaticEditorFlags: 0
  m_IsActive: 1
--- !u!114 &46913816
MonoBehaviour:
  m_ObjectHideFlags: 0
  m_CorrespondingSourceObject: {fileID: 0}
  m_PrefabInstance: {fileID: 0}
  m_PrefabAsset: {fileID: 0}
  m_GameObject: {fileID: 46913815}
  m_Enabled: 1
  m_EditorHideFlags: 0
  m_Script: {fileID: 1301386320, guid: f70555f144d8491a825f0804e09c671c, type: 3}
  m_Name: 
  m_EditorClassIdentifier: 
  m_IgnoreReversedGraphics: 1
  m_BlockingObjects: 0
  m_BlockingMask:
    serializedVersion: 2
    m_Bits: 4294967295
--- !u!114 &46913817
MonoBehaviour:
  m_ObjectHideFlags: 0
  m_CorrespondingSourceObject: {fileID: 0}
  m_PrefabInstance: {fileID: 0}
  m_PrefabAsset: {fileID: 0}
  m_GameObject: {fileID: 46913815}
  m_Enabled: 1
  m_EditorHideFlags: 0
  m_Script: {fileID: 1980459831, guid: f70555f144d8491a825f0804e09c671c, type: 3}
  m_Name: 
  m_EditorClassIdentifier: 
  m_UiScaleMode: 0
  m_ReferencePixelsPerUnit: 100
  m_ScaleFactor: 1
  m_ReferenceResolution: {x: 800, y: 600}
  m_ScreenMatchMode: 0
  m_MatchWidthOrHeight: 0
  m_PhysicalUnit: 3
  m_FallbackScreenDPI: 96
  m_DefaultSpriteDPI: 96
  m_DynamicPixelsPerUnit: 1
--- !u!223 &46913818
Canvas:
  m_ObjectHideFlags: 0
  m_CorrespondingSourceObject: {fileID: 0}
  m_PrefabInstance: {fileID: 0}
  m_PrefabAsset: {fileID: 0}
  m_GameObject: {fileID: 46913815}
  m_Enabled: 1
  serializedVersion: 3
  m_RenderMode: 0
  m_Camera: {fileID: 0}
  m_PlaneDistance: 100
  m_PixelPerfect: 0
  m_ReceivesEvents: 1
  m_OverrideSorting: 0
  m_OverridePixelPerfect: 0
  m_SortingBucketNormalizedSize: 0
  m_AdditionalShaderChannelsFlag: 0
  m_SortingLayerID: 0
  m_SortingOrder: 0
  m_TargetDisplay: 0
--- !u!224 &46913819
RectTransform:
  m_ObjectHideFlags: 0
  m_CorrespondingSourceObject: {fileID: 0}
  m_PrefabInstance: {fileID: 0}
  m_PrefabAsset: {fileID: 0}
  m_GameObject: {fileID: 46913815}
  m_LocalRotation: {x: 0, y: 0, z: 0, w: 1}
  m_LocalPosition: {x: 0, y: 0, z: 0}
  m_LocalScale: {x: 0, y: 0, z: 0}
  m_Children:
  - {fileID: 724205508}
  m_Father: {fileID: 0}
  m_RootOrder: 4
  m_LocalEulerAnglesHint: {x: 0, y: 0, z: 0}
  m_AnchorMin: {x: 0, y: 0}
  m_AnchorMax: {x: 0, y: 0}
  m_AnchoredPosition: {x: 0, y: 0}
  m_SizeDelta: {x: 0, y: 0}
  m_Pivot: {x: 0, y: 0}
--- !u!4 &560342095 stripped
Transform:
  m_CorrespondingSourceObject: {fileID: 400000, guid: c771ec326fca6fa40808b445df027c9e,
    type: 3}
  m_PrefabInstance: {fileID: 1012519059}
  m_PrefabAsset: {fileID: 0}
--- !u!1001 &724205507
PrefabInstance:
  m_ObjectHideFlags: 0
  serializedVersion: 2
  m_Modification:
    m_TransformParent: {fileID: 46913819}
    m_Modifications:
    - target: {fileID: 427712256639856418, guid: 8419e9369b086384aa6fc638d5583b6e,
        type: 3}
      propertyPath: m_OnValueChanged.m_PersistentCalls.m_Calls.Array.data[0].m_Target
      value: 
      objectReference: {fileID: 1297953795}
    - target: {fileID: 427712256639856418, guid: 8419e9369b086384aa6fc638d5583b6e,
        type: 3}
      propertyPath: m_OnValueChanged.m_PersistentCalls.m_Calls.Array.data[0].m_MethodName
      value: ResToChange
      objectReference: {fileID: 0}
    - target: {fileID: 4535596866970646389, guid: 8419e9369b086384aa6fc638d5583b6e,
        type: 3}
      propertyPath: m_OnClick.m_PersistentCalls.m_Calls.Array.data[0].m_Target
      value: 
      objectReference: {fileID: 1297953795}
    - target: {fileID: 4535596866970646389, guid: 8419e9369b086384aa6fc638d5583b6e,
        type: 3}
      propertyPath: m_OnClick.m_PersistentCalls.m_Calls.Array.data[0].m_MethodName
      value: MainMenu
      objectReference: {fileID: 0}
    - target: {fileID: 4535596866970646389, guid: 8419e9369b086384aa6fc638d5583b6e,
        type: 3}
      propertyPath: m_OnClick.m_PersistentCalls.m_Calls.Array.data[0].m_Arguments.m_ObjectArgumentAssemblyTypeName
      value: UnityEngine.Object, UnityEngine
      objectReference: {fileID: 0}
    - target: {fileID: 4597147151981974110, guid: 8419e9369b086384aa6fc638d5583b6e,
        type: 3}
      propertyPath: m_Name
      value: ScreenResPanel
      objectReference: {fileID: 0}
    - target: {fileID: 4597147151981974110, guid: 8419e9369b086384aa6fc638d5583b6e,
        type: 3}
      propertyPath: m_IsActive
      value: 0
      objectReference: {fileID: 0}
    - target: {fileID: 5787772098982395020, guid: 8419e9369b086384aa6fc638d5583b6e,
        type: 3}
      propertyPath: m_LocalPosition.x
      value: 0
      objectReference: {fileID: 0}
    - target: {fileID: 5787772098982395020, guid: 8419e9369b086384aa6fc638d5583b6e,
        type: 3}
      propertyPath: m_LocalPosition.y
      value: 0
      objectReference: {fileID: 0}
    - target: {fileID: 5787772098982395020, guid: 8419e9369b086384aa6fc638d5583b6e,
        type: 3}
      propertyPath: m_RootOrder
      value: 0
      objectReference: {fileID: 0}
    - target: {fileID: 5787772098982395020, guid: 8419e9369b086384aa6fc638d5583b6e,
        type: 3}
      propertyPath: m_LocalEulerAnglesHint.x
      value: 0
      objectReference: {fileID: 0}
    - target: {fileID: 5787772098982395020, guid: 8419e9369b086384aa6fc638d5583b6e,
        type: 3}
      propertyPath: m_LocalEulerAnglesHint.y
      value: 0
      objectReference: {fileID: 0}
    - target: {fileID: 5787772098982395020, guid: 8419e9369b086384aa6fc638d5583b6e,
        type: 3}
      propertyPath: m_LocalEulerAnglesHint.z
      value: 0
      objectReference: {fileID: 0}
    - target: {fileID: 7845134959984140714, guid: 8419e9369b086384aa6fc638d5583b6e,
        type: 3}
      propertyPath: m_OnClick.m_PersistentCalls.m_Calls.Array.data[0].m_Target
      value: 
      objectReference: {fileID: 1297953795}
    - target: {fileID: 7845134959984140714, guid: 8419e9369b086384aa6fc638d5583b6e,
        type: 3}
      propertyPath: m_OnClick.m_PersistentCalls.m_Calls.Array.data[0].m_MethodName
      value: SetRes
      objectReference: {fileID: 0}
    - target: {fileID: 7845134959984140714, guid: 8419e9369b086384aa6fc638d5583b6e,
        type: 3}
      propertyPath: m_OnClick.m_PersistentCalls.m_Calls.Array.data[0].m_Mode
      value: 1
      objectReference: {fileID: 0}
    - target: {fileID: 7845134959984140714, guid: 8419e9369b086384aa6fc638d5583b6e,
        type: 3}
      propertyPath: m_OnClick.m_PersistentCalls.m_Calls.Array.data[0].m_Arguments.m_ObjectArgumentAssemblyTypeName
      value: UnityEngine.Object, UnityEngine
      objectReference: {fileID: 0}
    m_RemovedComponents: []
  m_SourcePrefab: {fileID: 100100000, guid: 8419e9369b086384aa6fc638d5583b6e, type: 3}
--- !u!224 &724205508 stripped
RectTransform:
  m_CorrespondingSourceObject: {fileID: 5787772098982395020, guid: 8419e9369b086384aa6fc638d5583b6e,
    type: 3}
  m_PrefabInstance: {fileID: 724205507}
  m_PrefabAsset: {fileID: 0}
--- !u!1 &724205509 stripped
GameObject:
  m_CorrespondingSourceObject: {fileID: 4597147151981974110, guid: 8419e9369b086384aa6fc638d5583b6e,
    type: 3}
  m_PrefabInstance: {fileID: 724205507}
  m_PrefabAsset: {fileID: 0}
--- !u!1 &760462864
GameObject:
  m_ObjectHideFlags: 0
  m_CorrespondingSourceObject: {fileID: 0}
  m_PrefabInstance: {fileID: 0}
  m_PrefabAsset: {fileID: 0}
  serializedVersion: 6
  m_Component:
  - component: {fileID: 760462866}
  - component: {fileID: 760462865}
  m_Layer: 0
  m_Name: Directional Light
  m_TagString: Untagged
  m_Icon: {fileID: 0}
  m_NavMeshLayer: 0
  m_StaticEditorFlags: 0
  m_IsActive: 1
--- !u!108 &760462865
Light:
  m_ObjectHideFlags: 0
  m_CorrespondingSourceObject: {fileID: 0}
  m_PrefabInstance: {fileID: 0}
  m_PrefabAsset: {fileID: 0}
  m_GameObject: {fileID: 760462864}
  m_Enabled: 1
  serializedVersion: 8
  m_Type: 1
  m_Color: {r: 1, g: 0.95686275, b: 0.8392157, a: 1}
  m_Intensity: 1
  m_Range: 10
  m_SpotAngle: 30
  m_CookieSize: 10
  m_Shadows:
    m_Type: 2
    m_Resolution: -1
    m_CustomResolution: -1
    m_Strength: 1
    m_Bias: 0.05
    m_NormalBias: 0.4
    m_NearPlane: 0.2
  m_Cookie: {fileID: 0}
  m_DrawHalo: 0
  m_Flare: {fileID: 0}
  m_RenderMode: 0
  m_CullingMask:
    serializedVersion: 2
    m_Bits: 4294967295
  m_Lightmapping: 4
  m_LightShadowCasterMode: 0
  m_AreaSize: {x: 1, y: 1}
  m_BounceIntensity: 1
  m_ColorTemperature: 6570
  m_UseColorTemperature: 0
  m_ShadowRadius: 0
  m_ShadowAngle: 0
--- !u!4 &760462866
Transform:
  m_ObjectHideFlags: 0
  m_CorrespondingSourceObject: {fileID: 0}
  m_PrefabInstance: {fileID: 0}
  m_PrefabAsset: {fileID: 0}
  m_GameObject: {fileID: 760462864}
  m_LocalRotation: {x: 0.3851119, y: -0.3732604, z: 0.1740542, w: 0.8258757}
  m_LocalPosition: {x: 0, y: 3, z: 0}
  m_LocalScale: {x: 1, y: 1.0000001, z: 0.99999994}
  m_Children: []
  m_Father: {fileID: 0}
  m_RootOrder: 0
  m_LocalEulerAnglesHint: {x: 50.000004, y: -48.642002, z: 0}
--- !u!1001 &1012519059
PrefabInstance:
  m_ObjectHideFlags: 0
  serializedVersion: 2
  m_Modification:
    m_TransformParent: {fileID: 1658443088}
    m_Modifications:
    - target: {fileID: 100000, guid: c771ec326fca6fa40808b445df027c9e, type: 3}
      propertyPath: m_Name
      value: stratego_bezel
      objectReference: {fileID: 0}
    - target: {fileID: 400000, guid: c771ec326fca6fa40808b445df027c9e, type: 3}
      propertyPath: m_LocalPosition.x
      value: -0
      objectReference: {fileID: 0}
    - target: {fileID: 400000, guid: c771ec326fca6fa40808b445df027c9e, type: 3}
      propertyPath: m_LocalPosition.y
      value: 0
      objectReference: {fileID: 0}
    - target: {fileID: 400000, guid: c771ec326fca6fa40808b445df027c9e, type: 3}
      propertyPath: m_LocalPosition.z
      value: 0
      objectReference: {fileID: 0}
    - target: {fileID: 400000, guid: c771ec326fca6fa40808b445df027c9e, type: 3}
      propertyPath: m_LocalRotation.x
      value: 0.000000081460335
      objectReference: {fileID: 0}
    - target: {fileID: 400000, guid: c771ec326fca6fa40808b445df027c9e, type: 3}
      propertyPath: m_LocalRotation.y
      value: 0
      objectReference: {fileID: 0}
    - target: {fileID: 400000, guid: c771ec326fca6fa40808b445df027c9e, type: 3}
      propertyPath: m_LocalRotation.z
      value: -0
      objectReference: {fileID: 0}
    - target: {fileID: 400000, guid: c771ec326fca6fa40808b445df027c9e, type: 3}
      propertyPath: m_LocalRotation.w
      value: 1
      objectReference: {fileID: 0}
    - target: {fileID: 400000, guid: c771ec326fca6fa40808b445df027c9e, type: 3}
      propertyPath: m_RootOrder
      value: 2
      objectReference: {fileID: 0}
    - target: {fileID: 400000, guid: c771ec326fca6fa40808b445df027c9e, type: 3}
      propertyPath: m_LocalEulerAnglesHint.x
      value: 0
      objectReference: {fileID: 0}
    - target: {fileID: 400000, guid: c771ec326fca6fa40808b445df027c9e, type: 3}
      propertyPath: m_LocalEulerAnglesHint.y
      value: 0
      objectReference: {fileID: 0}
    - target: {fileID: 400000, guid: c771ec326fca6fa40808b445df027c9e, type: 3}
      propertyPath: m_LocalEulerAnglesHint.z
      value: 0
      objectReference: {fileID: 0}
    - target: {fileID: 400000, guid: c771ec326fca6fa40808b445df027c9e, type: 3}
      propertyPath: m_LocalScale.x
      value: 5
      objectReference: {fileID: 0}
    - target: {fileID: 400000, guid: c771ec326fca6fa40808b445df027c9e, type: 3}
      propertyPath: m_LocalScale.z
      value: 5
      objectReference: {fileID: 0}
    - target: {fileID: 400000, guid: c771ec326fca6fa40808b445df027c9e, type: 3}
      propertyPath: m_LocalScale.y
      value: 5
      objectReference: {fileID: 0}
    - target: {fileID: 2300000, guid: c771ec326fca6fa40808b445df027c9e, type: 3}
      propertyPath: m_Materials.Array.data[0]
      value: 
      objectReference: {fileID: 2100000, guid: 56c16b00747396e4cacdb02df779d359, type: 2}
    m_RemovedComponents: []
  m_SourcePrefab: {fileID: 100100000, guid: c771ec326fca6fa40808b445df027c9e, type: 3}
--- !u!1001 &1100626829
PrefabInstance:
  m_ObjectHideFlags: 0
  serializedVersion: 2
  m_Modification:
    m_TransformParent: {fileID: 0}
    m_Modifications:
    - target: {fileID: 6938062240076084800, guid: 6bcab844bba19b146aa14292ed1d07c2,
        type: 3}
      propertyPath: m_Name
      value: EnvironmentBits
      objectReference: {fileID: 0}
    - target: {fileID: 6938062240076084801, guid: 6bcab844bba19b146aa14292ed1d07c2,
        type: 3}
      propertyPath: m_RootOrder
      value: 2
      objectReference: {fileID: 0}
    - target: {fileID: 6938062240076084801, guid: 6bcab844bba19b146aa14292ed1d07c2,
        type: 3}
      propertyPath: m_LocalEulerAnglesHint.x
      value: 0
      objectReference: {fileID: 0}
    - target: {fileID: 6938062240076084801, guid: 6bcab844bba19b146aa14292ed1d07c2,
        type: 3}
      propertyPath: m_LocalEulerAnglesHint.y
      value: 0
      objectReference: {fileID: 0}
    - target: {fileID: 6938062240076084801, guid: 6bcab844bba19b146aa14292ed1d07c2,
        type: 3}
      propertyPath: m_LocalEulerAnglesHint.z
      value: 0
      objectReference: {fileID: 0}
    - target: {fileID: 6938062240076084801, guid: 6bcab844bba19b146aa14292ed1d07c2,
        type: 3}
      propertyPath: m_LocalRotation.x
      value: -0
      objectReference: {fileID: 0}
    - target: {fileID: 6938062240076084801, guid: 6bcab844bba19b146aa14292ed1d07c2,
        type: 3}
      propertyPath: m_LocalRotation.y
      value: -0
      objectReference: {fileID: 0}
    - target: {fileID: 6938062240076084801, guid: 6bcab844bba19b146aa14292ed1d07c2,
        type: 3}
      propertyPath: m_LocalRotation.z
      value: -0
      objectReference: {fileID: 0}
    - target: {fileID: 6938062240076084801, guid: 6bcab844bba19b146aa14292ed1d07c2,
        type: 3}
      propertyPath: m_LocalPosition.x
      value: -2.3
      objectReference: {fileID: 0}
    - target: {fileID: 6938062240076084801, guid: 6bcab844bba19b146aa14292ed1d07c2,
        type: 3}
      propertyPath: m_LocalPosition.z
      value: 2.6
      objectReference: {fileID: 0}
    - target: {fileID: 6938062240076084801, guid: 6bcab844bba19b146aa14292ed1d07c2,
        type: 3}
      propertyPath: m_LocalPosition.y
      value: 1.52
      objectReference: {fileID: 0}
    m_RemovedComponents: []
  m_SourcePrefab: {fileID: 100100000, guid: 6bcab844bba19b146aa14292ed1d07c2, type: 3}
--- !u!1 &1158732927
GameObject:
  m_ObjectHideFlags: 0
  m_CorrespondingSourceObject: {fileID: 0}
  m_PrefabInstance: {fileID: 0}
  m_PrefabAsset: {fileID: 0}
  serializedVersion: 6
  m_Component:
  - component: {fileID: 1158732930}
  - component: {fileID: 1158732929}
  - component: {fileID: 1158732928}
  m_Layer: 0
  m_Name: EventSystem
  m_TagString: Untagged
  m_Icon: {fileID: 0}
  m_NavMeshLayer: 0
  m_StaticEditorFlags: 0
  m_IsActive: 1
--- !u!114 &1158732928
MonoBehaviour:
  m_ObjectHideFlags: 0
  m_CorrespondingSourceObject: {fileID: 0}
  m_PrefabInstance: {fileID: 0}
  m_PrefabAsset: {fileID: 0}
  m_GameObject: {fileID: 1158732927}
  m_Enabled: 1
  m_EditorHideFlags: 0
  m_Script: {fileID: 1077351063, guid: f70555f144d8491a825f0804e09c671c, type: 3}
  m_Name: 
  m_EditorClassIdentifier: 
  m_HorizontalAxis: Horizontal
  m_VerticalAxis: Vertical
  m_SubmitButton: Submit
  m_CancelButton: Cancel
  m_InputActionsPerSecond: 10
  m_RepeatDelay: 0.5
  m_ForceModuleActive: 0
--- !u!114 &1158732929
MonoBehaviour:
  m_ObjectHideFlags: 0
  m_CorrespondingSourceObject: {fileID: 0}
  m_PrefabInstance: {fileID: 0}
  m_PrefabAsset: {fileID: 0}
  m_GameObject: {fileID: 1158732927}
  m_Enabled: 1
  m_EditorHideFlags: 0
  m_Script: {fileID: -619905303, guid: f70555f144d8491a825f0804e09c671c, type: 3}
  m_Name: 
  m_EditorClassIdentifier: 
  m_FirstSelected: {fileID: 0}
  m_sendNavigationEvents: 1
  m_DragThreshold: 10
--- !u!4 &1158732930
Transform:
  m_ObjectHideFlags: 0
  m_CorrespondingSourceObject: {fileID: 0}
  m_PrefabInstance: {fileID: 0}
  m_PrefabAsset: {fileID: 0}
  m_GameObject: {fileID: 1158732927}
  m_LocalRotation: {x: 0, y: 0, z: 0, w: 1}
  m_LocalPosition: {x: 0, y: 0, z: 0}
  m_LocalScale: {x: 1, y: 1, z: 1}
  m_Children: []
  m_Father: {fileID: 0}
  m_RootOrder: 5
  m_LocalEulerAnglesHint: {x: 0, y: 0, z: 0}
--- !u!1 &1297953794
GameObject:
  m_ObjectHideFlags: 0
  m_CorrespondingSourceObject: {fileID: 0}
  m_PrefabInstance: {fileID: 0}
  m_PrefabAsset: {fileID: 0}
  serializedVersion: 6
  m_Component:
  - component: {fileID: 1297953796}
  - component: {fileID: 1297953795}
  m_Layer: 0
  m_Name: EscapeMenuManager
  m_TagString: Untagged
  m_Icon: {fileID: 0}
  m_NavMeshLayer: 0
  m_StaticEditorFlags: 0
  m_IsActive: 1
--- !u!114 &1297953795
MonoBehaviour:
  m_ObjectHideFlags: 0
  m_CorrespondingSourceObject: {fileID: 0}
  m_PrefabInstance: {fileID: 0}
  m_PrefabAsset: {fileID: 0}
  m_GameObject: {fileID: 1297953794}
  m_Enabled: 1
  m_EditorHideFlags: 0
  m_Script: {fileID: 11500000, guid: ed5d106a36b7a874f9dc8b7371afe049, type: 3}
  m_Name: 
  m_EditorClassIdentifier: 
  resolution: 
  fullscreen: 0
--- !u!4 &1297953796
Transform:
  m_ObjectHideFlags: 0
  m_CorrespondingSourceObject: {fileID: 0}
  m_PrefabInstance: {fileID: 0}
  m_PrefabAsset: {fileID: 0}
  m_GameObject: {fileID: 1297953794}
  m_LocalRotation: {x: 0, y: 0, z: 0, w: 1}
  m_LocalPosition: {x: 486.14487, y: 298.50616, z: 66.43475}
  m_LocalScale: {x: 1, y: 1, z: 1}
  m_Children: []
  m_Father: {fileID: 0}
  m_RootOrder: 6
  m_LocalEulerAnglesHint: {x: 0, y: 0, z: 0}
--- !u!1001 &1437907614
PrefabInstance:
  m_ObjectHideFlags: 0
  serializedVersion: 2
  m_Modification:
    m_TransformParent: {fileID: 1658443088}
    m_Modifications:
    - target: {fileID: 757374712405648654, guid: 968feeab09cf7c74ea27c9a942932f12,
        type: 3}
      propertyPath: m_LocalPosition.y
      value: -0.05
      objectReference: {fileID: 0}
    - target: {fileID: 757374712407418862, guid: 968feeab09cf7c74ea27c9a942932f12,
        type: 3}
      propertyPath: m_Materials.Array.data[0]
      value: 
      objectReference: {fileID: 2100000, guid: 56c16b00747396e4cacdb02df779d359, type: 2}
    - target: {fileID: 6449619965479166297, guid: 968feeab09cf7c74ea27c9a942932f12,
        type: 3}
      propertyPath: m_RootOrder
      value: 0
      objectReference: {fileID: 0}
    - target: {fileID: 6449619965479166297, guid: 968feeab09cf7c74ea27c9a942932f12,
        type: 3}
      propertyPath: m_LocalEulerAnglesHint.x
      value: 0
      objectReference: {fileID: 0}
    - target: {fileID: 6449619965479166297, guid: 968feeab09cf7c74ea27c9a942932f12,
        type: 3}
      propertyPath: m_LocalEulerAnglesHint.y
      value: 0
      objectReference: {fileID: 0}
    - target: {fileID: 6449619965479166297, guid: 968feeab09cf7c74ea27c9a942932f12,
        type: 3}
      propertyPath: m_LocalEulerAnglesHint.z
      value: 0
      objectReference: {fileID: 0}
    - target: {fileID: 6449619965479166299, guid: 968feeab09cf7c74ea27c9a942932f12,
        type: 3}
      propertyPath: m_Name
      value: PF_Board
      objectReference: {fileID: 0}
    - target: {fileID: 6912972972279318119, guid: 968feeab09cf7c74ea27c9a942932f12,
        type: 3}
      propertyPath: m_LocalPosition.y
      value: -0.1
      objectReference: {fileID: 0}
    m_RemovedComponents:
    - {fileID: 6449619965479166296, guid: 968feeab09cf7c74ea27c9a942932f12, type: 3}
  m_SourcePrefab: {fileID: 100100000, guid: 968feeab09cf7c74ea27c9a942932f12, type: 3}
--- !u!1 &1533800925
GameObject:
  m_ObjectHideFlags: 0
  m_CorrespondingSourceObject: {fileID: 0}
  m_PrefabInstance: {fileID: 0}
  m_PrefabAsset: {fileID: 0}
  serializedVersion: 6
  m_Component:
  - component: {fileID: 1533800927}
  - component: {fileID: 1533800926}
  m_Layer: 0
  m_Name: GameManager
  m_TagString: Untagged
  m_Icon: {fileID: 0}
  m_NavMeshLayer: 0
  m_StaticEditorFlags: 0
  m_IsActive: 1
--- !u!114 &1533800926
MonoBehaviour:
  m_ObjectHideFlags: 0
  m_CorrespondingSourceObject: {fileID: 0}
  m_PrefabInstance: {fileID: 0}
  m_PrefabAsset: {fileID: 0}
  m_GameObject: {fileID: 1533800925}
  m_Enabled: 1
  m_EditorHideFlags: 0
  m_Script: {fileID: 11500000, guid: 943959313a962e8408f52c050b5828a3, type: 3}
  m_Name: 
  m_EditorClassIdentifier: 
  EscapeMenuOff: 1
  hotseat: 1
  cam: {fileID: 0}
  board: {fileID: 1658443087}
  EscapeMenu: {fileID: 724205509}
  redMarshall: {fileID: 1844328131376074785, guid: bb1d2b48397fc48428d30fe73bc48f93,
    type: 3}
  redGeneral: {fileID: 1844328131376074785, guid: eb52b89cca929df4ab7d3780dcee74f4,
    type: 3}
  redColonel: {fileID: 1844328131376074785, guid: b6a8ad9ef75fa0140a3bbad7f5c87e4b,
    type: 3}
  redMajor: {fileID: 1844328131376074785, guid: c6d31c6a227a4404e95b27e45f75d9f8,
    type: 3}
  redCaptain: {fileID: 1844328131376074785, guid: a4919180c04ba4645afc80340f8c6a0a,
    type: 3}
  redLieutenant: {fileID: 1844328131376074785, guid: f09a831018638b04d9f8c66e6f6a166e,
    type: 3}
  redSergeant: {fileID: 1844328131376074785, guid: a5e7a3a4cfb034c4b811d535c178ddfc,
    type: 3}
  redMiner: {fileID: 1844328131376074785, guid: 177ceaf6d4b3fb8438ab6ff0653efe77,
    type: 3}
  redScout: {fileID: 1844328131376074785, guid: 39d5902068ddd2c40b041a5df39d1711,
    type: 3}
  redSpy: {fileID: 1844328131376074785, guid: c9b4ff683884f29459393a88fcc90bb5, type: 3}
  redBomb: {fileID: 1844328131376074785, guid: 66ecdfb33734797439ca492f7184626f, type: 3}
  redFlag: {fileID: 1844328131376074785, guid: fc83e78933bd9f94ca87503fbfef5552, type: 3}
  blueMarshall: {fileID: 1844328131376074785, guid: ae628a5447f4cd94b9c4243f4d14569b,
    type: 3}
  blueGeneral: {fileID: 1844328131376074785, guid: 1dc22cea06d1d9b44bdf47c23757bea2,
    type: 3}
  blueColonel: {fileID: 1844328131376074785, guid: 4ef1801af78e58d43a79b9c32f1cd493,
    type: 3}
  blueMajor: {fileID: 1844328131376074785, guid: 9216d654806ac184abc8b85dacd22371,
    type: 3}
  blueCaptain: {fileID: 1844328131376074785, guid: 1ec7a4b73a801e848a71197f471b06c9,
    type: 3}
  blueLieutenant: {fileID: 1844328131376074785, guid: 4489c430a90494d40b57dff79a356a22,
    type: 3}
  blueSergeant: {fileID: 1844328131376074785, guid: 1dfce4cd0ec44de49933cf56b158f475,
    type: 3}
  blueMiner: {fileID: 1844328131376074785, guid: f1c71405c0cfc274a90da0581eaeba86,
    type: 3}
  blueScout: {fileID: 1844328131376074785, guid: eed64bba31b070348ab08e0c26c51669,
    type: 3}
  blueSpy: {fileID: 1844328131376074785, guid: 4333a0b77e64b15418805b9051177910, type: 3}
  blueBomb: {fileID: 1844328131376074785, guid: fbf15aa5ca1710f43a1b02588e116777,
    type: 3}
  blueFlag: {fileID: 1844328131376074785, guid: 65408eaa4a125a5469d72178485b600b,
    type: 3}
  blueNormal: {fileID: 2100000, guid: 2f0a4aa1121bf5d4e8edd023adc8dcff, type: 2}
  blueHidden: {fileID: 2100000, guid: 99c728b20541af4408bf4be739186242, type: 2}
  redNormal: {fileID: 2100000, guid: 5580aaeff1d831d4b8c06207b9a187ec, type: 2}
  redHidden: {fileID: 2100000, guid: 6bcc3208e9550444eb87bc7d5366b689, type: 2}
--- !u!4 &1533800927
Transform:
  m_ObjectHideFlags: 0
  m_CorrespondingSourceObject: {fileID: 0}
  m_PrefabInstance: {fileID: 0}
  m_PrefabAsset: {fileID: 0}
  m_GameObject: {fileID: 1533800925}
  m_LocalRotation: {x: 0, y: 0, z: 0, w: 1}
  m_LocalPosition: {x: 0, y: 0, z: 0}
  m_LocalScale: {x: 1, y: 1, z: 1}
  m_Children: []
  m_Father: {fileID: 0}
  m_RootOrder: 1
  m_LocalEulerAnglesHint: {x: 0, y: 0, z: 0}
--- !u!1 &1535889008
GameObject:
  m_ObjectHideFlags: 0
  m_CorrespondingSourceObject: {fileID: 0}
  m_PrefabInstance: {fileID: 0}
  m_PrefabAsset: {fileID: 0}
  serializedVersion: 6
  m_Component:
  - component: {fileID: 1535889009}
  - component: {fileID: 1535889011}
  - component: {fileID: 1535889010}
  - component: {fileID: 1535889012}
  m_Layer: 0
  m_Name: MainCamera
  m_TagString: MainCamera
  m_Icon: {fileID: 0}
  m_NavMeshLayer: 0
  m_StaticEditorFlags: 0
  m_IsActive: 1
--- !u!4 &1535889009
Transform:
  m_ObjectHideFlags: 0
  m_CorrespondingSourceObject: {fileID: 0}
  m_PrefabInstance: {fileID: 0}
  m_PrefabAsset: {fileID: 0}
  m_GameObject: {fileID: 1535889008}
  m_LocalRotation: {x: 0.2339999, y: -0.66726613, z: 0.2339999, w: 0.66726613}
  m_LocalPosition: {x: 12.5, y: 10, z: -2}
  m_LocalScale: {x: 1, y: 1, z: 1}
  m_Children: []
  m_Father: {fileID: 1969333141}
  m_RootOrder: 0
  m_LocalEulerAnglesHint: {x: 38.65, y: -90.00001, z: 0}
--- !u!81 &1535889010
AudioListener:
  m_ObjectHideFlags: 0
  m_CorrespondingSourceObject: {fileID: 0}
  m_PrefabInstance: {fileID: 0}
  m_PrefabAsset: {fileID: 0}
  m_GameObject: {fileID: 1535889008}
  m_Enabled: 1
--- !u!20 &1535889011
Camera:
  m_ObjectHideFlags: 0
  m_CorrespondingSourceObject: {fileID: 0}
  m_PrefabInstance: {fileID: 0}
  m_PrefabAsset: {fileID: 0}
  m_GameObject: {fileID: 1535889008}
  m_Enabled: 1
  serializedVersion: 2
  m_ClearFlags: 1
  m_BackGroundColor: {r: 0.19215687, g: 0.3019608, b: 0.4745098, a: 0}
  m_projectionMatrixMode: 1
  m_SensorSize: {x: 36, y: 24}
  m_LensShift: {x: 0, y: 0}
  m_GateFitMode: 2
  m_FocalLength: 50
  m_NormalizedViewPortRect:
    serializedVersion: 2
    x: 0
    y: 0
    width: 1
    height: 1
  near clip plane: 0.3
  far clip plane: 1000
  field of view: 30
  orthographic: 0
  orthographic size: 5
  m_Depth: -1
  m_CullingMask:
    serializedVersion: 2
    m_Bits: 4294967295
  m_RenderingPath: -1
  m_TargetTexture: {fileID: 0}
  m_TargetDisplay: 0
  m_TargetEye: 3
  m_HDR: 1
  m_AllowMSAA: 1
  m_AllowDynamicResolution: 0
  m_ForceIntoRT: 0
  m_OcclusionCulling: 1
  m_StereoConvergence: 10
  m_StereoSeparation: 0.022
--- !u!114 &1535889012
MonoBehaviour:
  m_ObjectHideFlags: 0
  m_CorrespondingSourceObject: {fileID: 0}
  m_PrefabInstance: {fileID: 0}
  m_PrefabAsset: {fileID: 0}
  m_GameObject: {fileID: 1535889008}
  m_Enabled: 1
  m_EditorHideFlags: 0
  m_Script: {fileID: 11500000, guid: 7077779531d735a448a6280f52f02f4b, type: 3}
  m_Name: 
  m_EditorClassIdentifier: 
  MouseSensitivity: 3
  ScrollSensitivity: 5
  Target: {fileID: 1969333141}
  Player: {fileID: 2117654454}
  LookAtPlayer: 1
--- !u!1 &1658443084
GameObject:
  m_ObjectHideFlags: 0
  m_CorrespondingSourceObject: {fileID: 0}
  m_PrefabInstance: {fileID: 0}
  m_PrefabAsset: {fileID: 0}
  serializedVersion: 6
  m_Component:
  - component: {fileID: 1658443088}
  - component: {fileID: 1658443087}
  - component: {fileID: 1658443086}
  - component: {fileID: 1658443085}
  m_Layer: 0
  m_Name: Board
  m_TagString: Untagged
  m_Icon: {fileID: 0}
  m_NavMeshLayer: 0
  m_StaticEditorFlags: 0
  m_IsActive: 1
--- !u!114 &1658443085
MonoBehaviour:
  m_ObjectHideFlags: 0
  m_CorrespondingSourceObject: {fileID: 0}
  m_PrefabInstance: {fileID: 0}
  m_PrefabAsset: {fileID: 0}
  m_GameObject: {fileID: 1658443084}
  m_Enabled: 1
  m_EditorHideFlags: 0
  m_Script: {fileID: 11500000, guid: 8a500e25208d807458d5957345a068c9, type: 3}
  m_Name: 
  m_EditorClassIdentifier: 
  moveLocationPrefab: {fileID: 2434893117614965272, guid: 26e394fbb9cd08d4e90f6a6b2700e76d,
    type: 3}
  tileHighlightPrefab: {fileID: 2434893117614965272, guid: 117f7181d6e59424b9285c4410ced0c4,
    type: 3}
  attackLocationPrefab: {fileID: 2434893117614965272, guid: 653dadc98aaadb74faf2f0e13f443ee9,
    type: 3}
--- !u!114 &1658443086
MonoBehaviour:
  m_ObjectHideFlags: 0
  m_CorrespondingSourceObject: {fileID: 0}
  m_PrefabInstance: {fileID: 0}
  m_PrefabAsset: {fileID: 0}
  m_GameObject: {fileID: 1658443084}
  m_Enabled: 1
  m_EditorHideFlags: 0
  m_Script: {fileID: 11500000, guid: b171b148b0f0ba34c82b64a7eb688de6, type: 3}
  m_Name: 
  m_EditorClassIdentifier: 
  tileHighlightPrefab: {fileID: 2434893117614965272, guid: 117f7181d6e59424b9285c4410ced0c4,
    type: 3}
--- !u!114 &1658443087
MonoBehaviour:
  m_ObjectHideFlags: 0
  m_CorrespondingSourceObject: {fileID: 0}
  m_PrefabInstance: {fileID: 0}
  m_PrefabAsset: {fileID: 0}
  m_GameObject: {fileID: 1658443084}
  m_Enabled: 1
  m_EditorHideFlags: 0
  m_Script: {fileID: 11500000, guid: 6b22406cf3ef64a48878556b46c64ceb, type: 3}
  m_Name: 
  m_EditorClassIdentifier: 
  selectedMaterial: {fileID: 2100000, guid: 80e7f95b20c196340b15fea2ad98e613, type: 2}
  TEMPORARY: {fileID: 0}
--- !u!4 &1658443088
Transform:
  m_ObjectHideFlags: 0
  m_CorrespondingSourceObject: {fileID: 0}
  m_PrefabInstance: {fileID: 0}
  m_PrefabAsset: {fileID: 0}
  m_GameObject: {fileID: 1658443084}
  m_LocalRotation: {x: 0, y: 0, z: 0, w: 1}
  m_LocalPosition: {x: 1, y: 0, z: 1}
  m_LocalScale: {x: 1, y: 1, z: 1}
  m_Children:
  - {fileID: 2117654454}
  - {fileID: 1969333141}
  - {fileID: 560342095}
  m_Father: {fileID: 0}
  m_RootOrder: 3
  m_LocalEulerAnglesHint: {x: 0, y: 0, z: 0}
--- !u!1 &1969333140
GameObject:
  m_ObjectHideFlags: 0
  m_CorrespondingSourceObject: {fileID: 0}
  m_PrefabInstance: {fileID: 0}
  m_PrefabAsset: {fileID: 0}
  serializedVersion: 6
  m_Component:
  - component: {fileID: 1969333141}
  - component: {fileID: 1969333142}
  m_Layer: 0
  m_Name: Target
  m_TagString: Untagged
  m_Icon: {fileID: 0}
  m_NavMeshLayer: 0
  m_StaticEditorFlags: 0
  m_IsActive: 1
--- !u!4 &1969333141
Transform:
  m_ObjectHideFlags: 0
  m_CorrespondingSourceObject: {fileID: 0}
  m_PrefabInstance: {fileID: 0}
  m_PrefabAsset: {fileID: 0}
  m_GameObject: {fileID: 1969333140}
  m_LocalRotation: {x: 0, y: 0, z: 0, w: 1}
  m_LocalPosition: {x: 0, y: 0, z: 0}
  m_LocalScale: {x: 1, y: 1, z: 1}
  m_Children:
  - {fileID: 1535889009}
  m_Father: {fileID: 1658443088}
  m_RootOrder: 1
  m_LocalEulerAnglesHint: {x: 0, y: 0, z: 0}
--- !u!114 &1969333142
MonoBehaviour:
  m_ObjectHideFlags: 0
  m_CorrespondingSourceObject: {fileID: 0}
  m_PrefabInstance: {fileID: 0}
  m_PrefabAsset: {fileID: 0}
  m_GameObject: {fileID: 1969333140}
  m_Enabled: 1
  m_EditorHideFlags: 0
  m_Script: {fileID: 11500000, guid: c74063ca70957d148a996534e488b363, type: 3}
  m_Name: 
  m_EditorClassIdentifier: 
  pivotAngle: 55
  speed: 1
  gameManager: {fileID: 1533800926}
--- !u!1 &1971529113
GameObject:
  m_ObjectHideFlags: 0
  m_CorrespondingSourceObject: {fileID: 0}
  m_PrefabInstance: {fileID: 0}
  m_PrefabAsset: {fileID: 0}
  serializedVersion: 6
  m_Component:
  - component: {fileID: 1971529115}
  - component: {fileID: 1971529114}
  m_Layer: 0
  m_Name: SoundtrackManager
  m_TagString: Untagged
  m_Icon: {fileID: 0}
  m_NavMeshLayer: 0
  m_StaticEditorFlags: 0
  m_IsActive: 1
--- !u!114 &1971529114
MonoBehaviour:
  m_ObjectHideFlags: 0
  m_CorrespondingSourceObject: {fileID: 0}
  m_PrefabInstance: {fileID: 0}
  m_PrefabAsset: {fileID: 0}
  m_GameObject: {fileID: 1971529113}
  m_Enabled: 1
  m_EditorHideFlags: 0
  m_Script: {fileID: 11500000, guid: f344534fc72ee6f4795fc62145fc2f7f, type: 3}
  m_Name: 
  m_EditorClassIdentifier: 
  clips:
  - {fileID: 8300000, guid: 43b71f6068e88d547ad0edf0b7c2cf66, type: 3}
  - {fileID: 8300000, guid: 5208617520c318c468b17e46712270e7, type: 3}
  - {fileID: 8300000, guid: 5e3bb35c746df584189dcd71dfc2e10a, type: 3}
  - {fileID: 8300000, guid: 43ec7430c1229a54d9f36a925d376809, type: 3}
--- !u!4 &1971529115
Transform:
  m_ObjectHideFlags: 0
  m_CorrespondingSourceObject: {fileID: 0}
  m_PrefabInstance: {fileID: 0}
  m_PrefabAsset: {fileID: 0}
  m_GameObject: {fileID: 1971529113}
  m_LocalRotation: {x: 0, y: 0, z: 0, w: 1}
  m_LocalPosition: {x: 3.4545302, y: -5.0044937, z: 3.2251348}
  m_LocalScale: {x: 1, y: 1, z: 1}
  m_Children: []
  m_Father: {fileID: 0}
  m_RootOrder: 7
  m_LocalEulerAnglesHint: {x: 0, y: 0, z: 0}
--- !u!4 &2117654454 stripped
Transform:
  m_CorrespondingSourceObject: {fileID: 6449619965479166297, guid: 968feeab09cf7c74ea27c9a942932f12,
    type: 3}
  m_PrefabInstance: {fileID: 1437907614}
  m_PrefabAsset: {fileID: 0}
